@Book{xie2015,
  title = {Dynamic Documents with {R} and knitr},
  author = {Yihui Xie},
  publisher = {Chapman and Hall/CRC},
  address = {Boca Raton, Florida},
  year = {2015},
  edition = {2nd},
  note = {ISBN 978-1498716963},
  url = {http://yihui.name/knitr/},
}
@misc{bundelkhand,
  title={Hazrat Maulana Mohammad Sayed Siddique Ahmad Bandwi},
  year={2011},
  url={https://bundelkhand.in/personality/hazrat-sayed-siddique-ahmad-bandwi-founder-jamia-arabia-hathaura-university-banda}, journal={Bundelkhand Research Portal}}
@InCollection{sep-aristotle-natphil,
	author       =	{Bodnar, Istvan},
	title        =	{{Aristotle's Natural Philosophy}},
	booktitle    =	{The {Stanford} Encyclopedia of Philosophy},
	editor       =	{Edward N. Zalta},
	howpublished =	{\url{https://plato.stanford.edu/archives/spr2018/entries/aristotle-natphil/}},
	year         =	{2018},
	edition      =	{{S}pring 2018},
	publisher    =	{Metaphysics Research Lab, Stanford University}
}
